% Encoding: windows-1252


@Article{BolinLindgren2011,
  Title                    = {Spatial models generated by nested stochastic partial differential equations, with an application to global ozone mapping},
  Author                   = {Bolin, David and Lindgren, Finn},
  Journal                  = {The Annals of Applied Statistics},
  Year                     = {2011},
  Pages                    = {523--550},

  Publisher                = {JSTOR}
}

@Article{CastruccioGenton2014,
  Title                    = {Beyond axial symmetry: An improved class of models for global data},
  Author                   = {Castruccio, Stefano and Genton, Marc G},
  Journal                  = {Stat},
  Year                     = {2014},
  Number                   = {1},
  Pages                    = {48--55},
  Volume                   = {3},
  Publisher                = {Wiley Online Library}
}

@Article{CastruccioSteinothers2013,
  Title                    = {Global space--time models for climate ensembles},
  Author                   = {Castruccio, Stefano and Stein, Michael L and others},
  Journal                  = {The Annals of Applied Statistics},
  Year                     = {2013},
  Number                   = {3},
  Pages                    = {1593--1611},
  Volume                   = {7},
  Publisher                = {Institute of Mathematical Statistics}
}

@Article{ChristySpencerBraswell2000,
  author =  {Christy, John R and Spencer, Roy W and Braswell, William D},
  title =   {MSU tropospheric temperatures: Dataset construction and radiosonde comparisons},
  journal = {Journal of Atmospheric and Oceanic Technology},
  year =    {2000},
  volume =  {17},
  number =  {9},
  pages =   {1153--1170}
}

@Book{Cressie1993,
  title =     {Statistics for spatial data},
  publisher = {John Wiley \& Sons},
  year =      {1993},
  author =    {Cressie, Noel}
}

@Article{CressieJohannesson2008,
  Title                    = {Fixed rank kriging for very large spatial data sets},
  Author                   = {Cressie, Noel and Johannesson, Gardar},
  Journal                  = {Journal of the Royal Statistical Society: Series B (Statistical Methodology)},
  Year                     = {2008},
  Number                   = {1},
  Pages                    = {209--226},
  Volume                   = {70},

  Publisher                = {Wiley Online Library}
}

@InCollection{CressieKang2010,
  Title                    = {High-resolution digital soil mapping: Kriging for very large datasets},
  Author                   = {Cressie, Noel and Kang, Emily L},
  Booktitle                = {Proximal Soil Sensing},
  Publisher                = {Springer},
  Year                     = {2010},
  Pages                    = {49--63}
}

@Article{Gallager2008,
  Title                    = {Circularly-symmetric Gaussian random vectors},
  Author                   = {Gallager, Robert G},
  Journal                  = {preprint},
  Year                     = {2008},
  Pages                    = {1--9},

  Owner                    = {cdvanlan},
  Timestamp                = {2016.02.01}
}

@Article{GotwayYoung2002,
  Title                    = {Combining incompatible spatial data},
  Author                   = {Gotway, Carol A and Young, Linda J},
  Journal                  = {Journal of the American Statistical Association},
  Year                     = {2002},
  Number                   = {458},
  Pages                    = {632--648},
  Volume                   = {97},

  Publisher                = {Taylor \& Francis}
}

@Article{Guinness2013,
  Title                    = {Covariance functions for mean square differentiable processes on spheres},
  Author                   = {Guinness, Joseph and Fuentes, Montserrat},
  Journal                  = {Preprint},
  Year                     = {2013},

  Owner                    = {Christopher},
  Timestamp                = {2015.02.18}
}

@Article{HeatonKatzfussBerrettEtAl2014,
  Title                    = {Constructing valid spatial processes on the sphere using kernel convolutions},
  Author                   = {Heaton, MJ and Katzfuss, M and Berrett, C and Nychka, DW},
  Journal                  = {Environmetrics},
  Year                     = {2014},
  Number                   = {1},
  Pages                    = {2--15},
  Volume                   = {25},

  Publisher                = {Wiley Online Library}
}

@Article{HitczenkoStein2012,
  Title                    = {Some theory for anisotropic processes on the sphere},
  Author                   = {Hitczenko, Marcin and Stein, Michael L},
  Journal                  = {Statistical Methodology},
  Year                     = {2012},
  Number                   = {1},
  Pages                    = {211--227},
  Volume                   = {9},

  Publisher                = {Elsevier}
}

@Article{Huang2012,
  Title                    = {A simplified representation of the covariance structure of axially symmetric processes on the sphere},
  Author                   = {Huang, Chunfeng and Zhang, Haimeng and Robeson, Scott M},
  Journal                  = {Statistics \& Probability Letters},
  Year                     = {2012},
  Number                   = {7},
  Pages                    = {1346--1351},
  Volume                   = {82},

  Owner                    = {Christopher},
  Publisher                = {Elsevier},
  Timestamp                = {2015.02.18}
}

@Article{HuangZhangRobeson2011,
  author =        {Huang, Chunfeng and Zhang, Haimeng and Robeson, Scott M},
  title =         {On the validity of commonly used covariance and variogram functions on the sphere},
  journal =       {Mathematical Geosciences},
  year =          {2011},
  volume =        {43},
  number =        {6},
  pages =         {721--733},
  __markedentry = {[Chris:6]},
  publisher =     {Springer}
}

@Article{JeongJun2015,
  Title                    = {A class of Mat{\'e}rn-like covariance functions for smooth processes on a sphere},
  Author                   = {Jeong, Jaehong and Jun, Mikyoung},
  Journal                  = {Spatial Statistics},
  Year                     = {2015},
  Pages                    = {1--18},
  Volume                   = {11},

  Publisher                = {Elsevier}
}

@Article{Jones1963,
  author =    {Jones, Richard H},
  title =     {Stochastic processes on a sphere},
  journal =   {The Annals of mathematical statistics},
  year =      {1963},
  volume =    {34},
  number =    {1},
  pages =     {213--218},
  publisher = {JSTOR}
}

@Article{Jun2012,
  Title                    = {A test for stationarity of spatio-temporal random fields on planar and spherical domains},
  Author                   = {Jun, Mikyoung and Genton, Marc G},
  Journal                  = {Statistica Sinica},
  Year                     = {2012},
  Number                   = {4},
  Pages                    = {1737},
  Volume                   = {22},

  Owner                    = {Christopher},
  Timestamp                = {2015.02.24}
}

@Article{JunStein2008,
  Title                    = {Nonstationary covariance models for global data},
  Author                   = {Jun, Mikyoung and Stein, Michael L},
  Journal                  = {The Annals of Applied Statistics},
  Year                     = {2008},
  Pages                    = {1271--1289},

  Publisher                = {JSTOR}
}

@Article{KatzfussCressie2011,
  Title                    = {Spatio-temporal smoothing and EM estimation for massive remote-sensing data sets},
  Author                   = {Katzfuss, Matthias and Cressie, Noel},
  Journal                  = {Journal of Time Series Analysis},
  Year                     = {2011},
  Number                   = {4},
  Pages                    = {430--446},
  Volume                   = {32},

  Publisher                = {Wiley Online Library}
}

@Article{Leadbetter1967,
  author =  {Leadbetter, H Cramer-MR},
  title =   {Stationary and related stochastic processes},
  journal = {New York},
  year =    {1967}
}

@Article{Li2013,
  author = {Li, Yang},
  title =  {Non-parametric and semi-parametric estimation of spatial covariance function},
  year =   {2013}
}

@Article{Lindgren2011,
  Title                    = {An explicit link between Gaussian fields and Gaussian Markov random fields: the stochastic partial differential equation approach},
  Author                   = {Lindgren, Finn and Rue, H{\aa}vard and Lindstr{\"o}m, Johan},
  Journal                  = {Journal of the Royal Statistical Society: Series B (Statistical Methodology)},
  Year                     = {2011},
  Number                   = {4},
  Pages                    = {423--498},
  Volume                   = {73},

  Owner                    = {cdvanlan},
  Publisher                = {Wiley Online Library},
  Timestamp                = {2016.02.01}
}

@Article{LiNorth1997,
  author =    {Li, Ta-Hsin and North, Gerald R},
  title =     {Aliasing effects and sampling theorems of spherical random fields when sampled on a finite grid},
  journal =   {Annals of the Institute of Statistical Mathematics},
  year =      {1997},
  volume =    {49},
  number =    {2},
  pages =     {341--354},
  publisher = {Springer}
}

@Article{Maechler2013,
  Title                    = {Package 'Bessel'},
  Author                   = {Maechler, Martin and Maechler, Maintainer Martin and Rmpfr, Depends},
  Year                     = {2013},

  Owner                    = {Christopher},
  Timestamp                = {2015.03.05}
}

@Article{NguyenCressieBraverman2012,
  Title                    = {Spatial statistical data fusion for remote sensing applications},
  Author                   = {Nguyen, Hai and Cressie, Noel and Braverman, Amy},
  Journal                  = {Journal of the American Statistical Association},
  Year                     = {2012},
  Number                   = {499},
  Pages                    = {1004--1018},
  Volume                   = {107},

  Publisher                = {Taylor \& Francis}
}

@Article{NorthWangGenton2011,
  Title                    = {Correlation models for temperature fields},
  Author                   = {North, Gerald R and Wang, Jue and Genton, Marc G},
  Journal                  = {Journal of Climate},
  Year                     = {2011},
  Number                   = {22},
  Pages                    = {5850--5862},
  Volume                   = {24}
}

@Article{Roy1972,
  author =    {Roy, Roch},
  title =     {Spectral analysis for a random process on the circle},
  journal =   {Journal of Applied Probability},
  year =      {1972},
  pages =     {745--757},
  owner =     {cdvanlan},
  publisher = {JSTOR},
  timestamp = {2016.02.22}
}

@Book{Stein1999,
  Title                    = {Interpolation of spatial data: some theory for kriging},
  Author                   = {Stein, Michael L},
  Publisher                = {Springer Science \& Business Media},
  Year                     = {1999},

  Owner                    = {Chris},
  Timestamp                = {2015.03.24}
}

@Article{Stein2007,
  author =    {Stein, Michael L},
  title =     {Spatial variation of total column ozone on a global scale},
  journal =   {The Annals of Applied Statistics},
  year =      {2007},
  pages =     {191--210},
  publisher = {JSTOR}
}

@InCollection{Sun2012,
  Title                    = {Geostatistics for large datasets},
  Author                   = {Sun, Ying and Li, Bo and Genton, Marc G},
  Booktitle                = {Advances and challenges in space-time modelling of natural events},
  Publisher                = {Springer},
  Year                     = {2012},
  Pages                    = {55--77},

  Owner                    = {cdvanlan},
  Timestamp                = {2016.02.02}
}

@Article{vanlangenberg2016,
  author =  {Vanlangenberg, Christopher and Zhang, Haimeng and Wang, Wenshuang},
  title =   {Computational method to generate global data},
  journal = {Manuscript},
  year =    {2016}
}

@Book{Wackernagel2013,
  title =     {Multivariate geostatistics: an introduction with applications},
  publisher = {Springer Science \& Business Media},
  year =      {2013},
  author =    {Wackernagel, Hans}
}

@Article{Weber1873,
  Title                    = {Ueber eine Darstellung willk{\"u}rlicher Functionen durch Bessel'sche Functionen},
  Author                   = {Weber, H},
  Journal                  = {Mathematische Annalen},
  Year                     = {1873},
  Number                   = {2},
  Pages                    = {146--161},
  Volume                   = {6},

  Owner                    = {cdvanlan},
  Publisher                = {Springer},
  Timestamp                = {2015.03.03}
}

@Book{Yaglom1987,
  title =     {Correlation Theory of Stationary and Related Random Functions: Vol.: 1: Basic Results},
  publisher = {Springer-Verlag},
  year =      {1987},
  author =    {Yaglom, AM}
}

@InProceedings{Yaglomothers1961,
  author =    {Yaglom, Akiva M and others},
  title =     {Second-order homogeneous random fields},
  booktitle = {Proc. 4th Berkeley Sympos. Math. Statist. and Prob},
  year =      {1961},
  volume =    {2},
  pages =     {593--622}
}

